@article{ref:oetiker1995not,
  title={The not so short introduction to LATEX2$\varepsilon$},
  author={Oetiker, Tobias and Partl, Hubert and Hyna, Irene and Schlegl, Elisabeth},
  journal={Electronic document available at http://www. tex. ac. uk/tex-archive/info/lshort},
  year={1995},
  publisher={Citeseer}
}