@article{oetiker1995not,
	title={The {N}ot so {S}hort {I}ntroduction to {LATEX}2$\varepsilon$},
	author={Oetiker, Tobias and Partl, Hubert and Hyna, Irene and Schlegl, Elisabeth},
	journal={Electronic document available at http://www. tex. ac. uk/tex-archive/info/lshort},
	year={1995},
	publisher={Citeseer}
} 
