csinet paper
@ARTICLE{ref:csinet,
  author={C. {Wen} and W. {Shih} and S. {Jin}},
  journal={IEEE Wireless Communications Letters},
  title={Deep Learning for Massive MIMO CSI Feedback},
  year={2018},
  volume={7},
  number={5},
  pages={748-751},
  doi={10.1109/LWC.2018.2818160},
  ISSN={2162-2345},
  month={Oct},
}

drew conway's blog
note: https://tex.stackexchange.com/questions/3587/how-can-i-use-bibtex-to-cite-a-web-page
@misc{ref:conway,
  author={D. {Conway}},
  title={Data Science Venn Diagram},
  howpublished={\url{http://drewconway.com/zia/2013/3/26/the-data-science-venn-diagram}},
  note={Accessed: Feb 20, 2020}
}

csinet-lstm paper
@ARTICLE{ref:csinet-lstm,
  author={T. {Wang} and C. {Wen} and S. {Jin} and G. Y. {Li}},
  journal={IEEE Wireless Communications Letters},
  title={Deep Learning-Based CSI Feedback Approach for Time-Varying Massive MIMO Channels},
  year={2019},
  volume={8},
  number={2},
  pages={416-419},
  doi={10.1109/LWC.2018.2874264},
  ISSN={2162-2345},
  month={April}
}

@article{ref:dualnet,
  author = {Liu, Zhenyu and Zhang, Lin and Ding, Zhi},
  doi = {10.1109/LWC.2019.2898662},
  file = {:C$\backslash$:/Users/Mason/Box Sync/UC Davis/06 Lab/01 Research/csi-ml/papers/2019{\_}Liu{\_}LowRateMassiveMIMOCSIFeedback.pdf:pdf},
  issn = {21622345},
  journal = {IEEE Wireless Communications Letters},
  keywords = {CSI feedback,Massive MIMO,deep learning,multipath reciprocity},
  mendeley-groups = {CSI},
  number = {3},
  pages = {889--892},
  publisher = {IEEE},
  title = {{Exploiting Bi-Directional Channel Reciprocity in Deep Learning for Low Rate Massive MIMO CSI Feedback}},
  volume = {8},
  year = {2019}
}

@inproceedings{ref:sphnet,
  author = {Liu, Zhenyu and del Rosario, Mason and Liang, Zin and Zhang, Lin and Ding, Zhi},
  keywords = {CSI feedback,Massive MIMO,deep learning,multipath reciprocity},
  title = {{Spherical Normalization for Learned Compressive Feedback in Massive MIMO CSI Acquisition}},
  booktitle={IEEE International Conference on Communications (ICC 2020)},
  month = {June},
  year = {2020}
}